@article{Savin2017,
author = {Savin, Sergei and Jatsun, Sergey and Ludmila, Vorochaeva},
year = {2017},
month = {01},
pages = {02016},
title = {Trajectory generation for a walking in-pipe robot moving through spatially curved pipes},
volume = {113},
journal = {MATEC Web of Conferences},
doi = {10.1051/matecconf/201711302016}
}

@INPROCEEDINGS{Savin8875522,  author={Savin, Sergei},  booktitle={2019 3rd School on Dynamics of Complex Networks and their Application in Intellectual Robotics (DCNAIR)},   title={Detecting Changes in Contact Interaction Regime with a Reaction Predictor and a Linear Contact Model},   year={2019},  volume={},  number={},  pages={161-162},  doi={10.1109/DCNAIR.2019.8875522}}

@INPROCEEDINGS{cwc7139910,  author={Caron, St√©phane and Pham, Quang-Cuong and Nakamura, Yoshihiko},  booktitle={2015 IEEE International Conference on Robotics and Automation (ICRA)},   title={Stability of surface contacts for humanoid robots: Closed-form formulae of the Contact Wrench Cone for rectangular support areas},   year={2015},  volume={},  number={},  pages={5107-5112},  doi={10.1109/ICRA.2015.7139910}}

@INPROCEEDINGS{zmp1241826,  author={Kajita, S. and Kanehiro, F. and Kaneko, K. and Fujiwara, K. and Harada, K. and Yokoi, K. and Hirukawa, H.},  booktitle={2003 IEEE International Conference on Robotics and Automation (Cat. No.03CH37422)},   title={Biped walking pattern generation by using preview control of zero-moment point},   year={2003},  volume={2},  number={},  pages={1620-1626 vol.2},  doi={10.1109/ROBOT.2003.1241826}}



@misc{rl48550,
  doi = {10.48550/ARXIV.1804.10332},
  
  url = {https://arxiv.org/abs/1804.10332},
  
  author = {Tan, Jie and Zhang, Tingnan and Coumans, Erwin and Iscen, Atil and Bai, Yunfei and Hafner, Danijar and Bohez, Steven and Vanhoucke, Vincent},
  
  keywords = {Robotics (cs.RO), Artificial Intelligence (cs.AI), FOS: Computer and information sciences, FOS: Computer and information sciences},
  
  title = {Sim-to-Real: Learning Agile Locomotion For Quadruped Robots},
  
  publisher = {arXiv},
  
  year = {2018},
  
  copyright = {arXiv.org perpetual, non-exclusive license}
}

@INPROCEEDINGS{dnn8501736,  author={Savin, Sergei},  booktitle={2018 International Russian Automation Conference (RusAutoCon)},   title={Neural Network-Based Reaction Estimator for Walking Robots},   year={2018},  volume={},  number={},  pages={1-6},  doi={10.1109/RUSAUTOCON.2018.8501736}}


@misc{gdc04747,
  doi = {10.48550/ARXIV.1609.04747},
  
  url = {https://arxiv.org/abs/1609.04747},
  
  author = {Ruder, Sebastian},
  
  keywords = {Machine Learning (cs.LG), FOS: Computer and information sciences, FOS: Computer and information sciences},
  
  title = {An overview of gradient descent optimization algorithms},
  
  publisher = {arXiv},
  
  year = {2016},
  
  copyright = {arXiv.org perpetual, non-exclusive license}
}

@misc{gas11046,
  doi = {10.48550/ARXIV.2202.11046},
  
  url = {https://arxiv.org/abs/2202.11046},
  
  author = {Vijayan, Nithia and A, Prashanth L.},
  
  keywords = {Machine Learning (cs.LG), FOS: Computer and information sciences, FOS: Computer and information sciences},
  
  title = {Approximate gradient ascent methods for distortion risk measures},
  
  publisher = {arXiv},
  
  year = {2022},
  
  copyright = {arXiv.org perpetual, non-exclusive license}
}


@misc{grad02659,
  doi = {10.48550/ARXIV.1909.02659},
  
  url = {https://arxiv.org/abs/1909.02659},
  
  author = {Wan, Zhou-Quan and Zhang, Shi-Xin},
  
  keywords = {Numerical Analysis (math.NA), Statistical Mechanics (cond-mat.stat-mech), Strongly Correlated Electrons (cond-mat.str-el), Machine Learning (cs.LG), Quantum Physics (quant-ph), Machine Learning (stat.ML), FOS: Mathematics, FOS: Mathematics, FOS: Physical sciences, FOS: Physical sciences, FOS: Computer and information sciences, FOS: Computer and information sciences},
  
  title = {Automatic Differentiation for Complex Valued SVD},
  
  publisher = {arXiv},
  
  year = {2019},
  
  copyright = {Creative Commons Attribution Non Commercial Share Alike 4.0 International}
}

%%%%%%%%%%%%%%%%%%%%%%%%%%%%%%%%%%%%%%%%%%%%%
%                   SAMPLES 
%%%%%%%%%%%%%%%%%%%%%%%%%%%%%%%%%%%%%%%%%%%%%
% @ARTICLE{A,
%   author = {A. A. Aardvark},
%   title = {Article title},
%   journal = {Journal Title},
%   year = {1900},
%   volume = {1},
%   pages = {1--8},
%   number = {1}
% }

% @incollection{B,
%   pages = {627-637},
%   title = {Title of chapter in the book,},
%   author = {Sweetser, Penny},
%   crossref = {crref}
% }
% @book{crref,
%   title = {Title of Published Book},
%   booktitle = {Title of Published Book},
%   publisher = {Charles River Media},
%   year = {2004},
%   address = {Hingham, Massachusetts, USA},
%   edition = {1}
% }

% @ARTICLE{C,
%   author = {A. A. Abramson and B. B. Barbie and C. C. Rider},
%   title = {Article title},
%   journal = {Journal Three},
%   year = {1900},
%   volume = {1},
%   pages = {192--244},
%   number = {1}
% }

% @ARTICLE{D,
%   author = {J.K.Author},
%   title = {Article title},
%   journal = {Journal Three},
%   year = {1900},
%   month = {6},
%   volume = {1},
%   pages = {192--244},
%   number = {1},
%   note="Accessed: June 19, 2005. doi: 10.1109/TTHZ.2016.2544142. [Online]. Available: \url{https://ieeexplore.ieee.org/document/7463081}"
% }

% @CONFERENCE{F,
%   author       = "J\dot K\dot Author",
%   title        = "Title of paper",
%   booktitle    = "Abbreviated Name of Conf.",
%   note         = "1900, pp. 16--19. Accessed: June 19, 2005. [Online]. Available: \url{http://www.computer.org/csdl/proceedings/dac/2003/2394/00/2394001-abs.html}",
% }